@inproceedings{CFG-SIM,
  author    = {Yuping Li and
               Jiyong Jang and
               Xinming Ou},
  title     = {Topology-Aware Hashing for Effective Control Flow Graph Similarity
               Analysis},
  booktitle = {Proceedings of {SecureComm}},
  volume    = {304},
  pages     = {278--298},
  year      = {2019},
}

@inproceedings{CG-SIM,
  author    = {Cassius Puodzius and
               Olivier Zendra and
               Annelie Heuser and
               Lamine Noureddine},
  title     = {Accurate and Robust Malware Analysis through Similarity of External
               Calls Dependency Graphs {(ECDG)}},
  booktitle = {Proceedings of {ARES}},
  pages     = {57:1--57:12},
  year      = {2021},
}

@inproceedings{GRAPH-SIM,
  author    = {Giannis Nikolentzos and
               Polykarpos Meladianos and
               Michalis Vazirgiannis},
  title     = {Matching Node Embeddings for Graph Similarity},
  booktitle = {Proceedings of {AAAI}},
  pages     = {2429--2435},
  year      = {2017},
}

@inproceedings{CODE-COMP,
  author    = {Fang Liu and
               Ge Li and
               Yunfei Zhao and
               Zhi Jin},
  title     = {Multi-task Learning based Pre-trained Language Model for Code Completion},
  booktitle = {Proceedings of {ASE}},
  pages     = {473--485},
  year      = {2020},
}

  @inproceedings{CG-PY,
  author    = {Gharib Gharibi and
               Rashmi Tripathi and
               Yugyung Lee},
  title     = {Code2graph: automatic generation of static call graphs for Python
               source code},
  booktitle = {Proceedings of {ASE}},
  pages     = {880--883},
  year      = {2018},
}