@inproceedings{Laura:2016,
  author    = {Joonyoung Park and
               Inho Lim and
               Sukyoung Ryu},
  editor    = {Laura K. Dillon and
               Willem Visser and
               Laurie A. Williams},
  title     = {Battles with false positives in static analysis of JavaScript web
               applications in the wild},
  booktitle = {Proceedings of the 38th International Conference on Software Engineering,
               {ICSE} 2016, Austin, TX, USA, May 14-22, 2016 - Companion Volume},
  pages     = {61--70},
  publisher = {{ACM}},
  year      = {2016},
}

@inproceedings{Nathaniel:2007,
  author    = {Nathaniel Ayewah and
               William Pugh and
               J. David Morgenthaler and
               John Penix and
               YuQian Zhou},
  editor    = {Manuvir Das and
               Dan Grossman},
  title     = {Evaluating static analysis defect warnings on production software},
  booktitle = {Proceedings of the 7th {ACM} {SIGPLAN-SIGSOFT} Workshop on Program
               Analysis for Software Tools and Engineering, PASTE'07, San Diego,
               California, USA, June 13-14, 2007},
  pages     = {1--8},
  publisher = {{ACM}},
  year      = {2007},
}

@article{Emanuelsson:2008,
  author    = {P{\"{a}}r Emanuelsson and
               Ulf Nilsson},
  title     = {A Comparative Study of Industrial Static Analysis Tools},
  journal   = {Electron. Notes Theor. Comput. Sci.},
  volume    = {217},
  pages     = {5--21},
  year      = {2008},
}

@inproceedings{Muske:2015,
  author={Muske, Tukaram and Khedker, Uday P.},
  booktitle={2015 IEEE 26th International Symposium on Software Reliability Engineering (ISSRE)}, 
  title={Efficient elimination of false positives using static analysis}, 
  year={2015},
  pages={270-280},
}

@inproceedings{Chimdyalwar:2015,
author={Chimdyalwar, Bharti
and Darke, Priyanka
and Chavda, Anooj
and Vaghani, Sagar
and Chauhan, Avriti},
editor={Bj{\o}rner, Nikolaj
and de Boer, Frank},
title={Eliminating Static Analysis False Positives Using Loop Abstraction and Bounded Model Checking},
booktitle={FM 2015: Formal Methods},
year={2015},
publisher={Springer International Publishing},
pages={573--576}
}

@inproceedings{Nguyen:2019,
  author={Nguyen, Thu Trang and Maleehuan, Pattaravut and Aoki, Toshiaki and Tomita, Takashi and Yamada, Iori},
  booktitle={2019 IEEE/ACM Joint 7th International Workshop on Conducting Empirical Studies in Industry (CESI) and 6th International Workshop on Software Engineering Research and Industrial Practice (SER IP)}, 
  title={Reducing False Positives of Static Analysis for SEI CERT C Coding Standard}, 
  year={2019},
  pages={41-48},
}







